<record><leader>00000cas a22000007a 4500</leader><controlfield tag="001">22270436</controlfield><controlfield tag="008">900824d189219uunyuwr ne      0    0eng d</controlfield><datafield ind1=" " ind2=" " tag="010"><subfield code="a">sn 90066506 </subfield></datafield><datafield ind1=" " ind2=" " tag="040"><subfield code="a">NYS</subfield><subfield code="b">eng</subfield><subfield code="c">NYS</subfield><subfield code="d">OCLCQ</subfield></datafield><datafield ind1=" " ind2=" " tag="042"><subfield code="a">msc</subfield></datafield><datafield ind1="0" ind2="4" tag="245"><subfield code="a">The Weedsport Republican.</subfield></datafield><datafield ind1=" " ind2=" " tag="260"><subfield code="a">Weedsport, N.Y. :</subfield><subfield code="b">W.E. Churchill</subfield></datafield><datafield ind1=" " ind2=" " tag="300"><subfield code="a">v.</subfield></datafield><datafield ind1=" " ind2=" " tag="310"><subfield code="a">Weekly</subfield></datafield><datafield ind1="0" ind2=" " tag="362"><subfield code="a">Vol. 2, no. 53 (Sept. 6, 1892)-</subfield></datafield><datafield ind1=" " ind2=" " tag="500"><subfield code="a">Publishers: W.E. Churchill, 1892- ; C.D. Ballard, &lt;1901&gt;.</subfield></datafield><datafield ind1=" " ind2=" " tag="500"><subfield code="a">Editor: W.E. Churchill, &lt;1899&gt;.</subfield></datafield><datafield ind1=" " ind2=" " tag="515"><subfield code="a">Issue for July 25, 1901 numbered: Old ser., vol. 10, no. 14 = New ser., v. 1, no. 2.</subfield></datafield><datafield ind1=" " ind2="4" tag="651"><subfield code="a">Weedsport (N.Y.)</subfield><subfield code="v">Newspapers.</subfield></datafield><datafield ind1=" " ind2=" " tag="752"><subfield code="a">United States</subfield><subfield code="b">New York</subfield><subfield code="c">Cayuga</subfield><subfield code="d">Weedsport.</subfield></datafield><datafield ind1="0" ind2="0" tag="780"><subfield code="t">Cayuga Republican (Weedsport, N.Y.)</subfield><subfield code="w">(DLC)sn 90066505</subfield><subfield code="w">(OCoLC)22270380</subfield></datafield><datafield ind1="1" ind2=" " tag="029"><subfield code="a">AU@</subfield><subfield code="b">000025868979</subfield></datafield></record>